@article{Schning1998,
author = {Schï¿½ning, T. and Butler, K.},
doi = {10.1051/aas:1998165},
file = {:C$\backslash$:/Users/Jo{\~{a}}o/Dropbox/Doutoramento/Trabalho/Coronal{\_}Balance{\_}Tin/Papers{\_}on{\_}Tin/Effective collision strengths for electron impact excitation of XeIII, XeIV, XeVI and BaII, BaIV.pdf:pdf},
issn = {0365-0138},
journal = {Astronomy and Astrophysics Supplement Series},
keywords = {atomic data,planetary,plasmas},
number = {3},
pages = {581--588},
title = {{Effective collision strengths for electron impact excitation of Xe? III , Xe? IV , Xe? VI and Ba? II , Ba? IV}},
url = {http://www.edpsciences.org/10.1051/aas:1998165},
volume = {128},
year = {1998}
}
