
%%% Biblio chapter 2

@book{PCS_2018,
doi = {10.1016/c2017-0-01358-7},
isbn = {9780081024706},
mendeley-groups = {Thesis/Others},
pages = {474},
publisher = {Elsevier},
author = {{Valerij A. Belyakov}, Andrej A. Kavin},
title = {{Fundamentals of Magnetic Thermonuclear Reactor Design}},
year = {2018}
}

@inproceedings{Neto2011,
	author = {Neto, Andr{\'{e}} C. and Alves, Diogo and Boncagni, Luca and Carvalho, Pedro J. and Valc{\'{a}}rcel, Daniel F. and Barbalace, Antonio and {De Tommasi}, Gianmaria and Fernandes, Hor{\'{a}}cio and Sartori, Filippo and Vitale, Enzo and Vitelli, Riccardo and Zabeo, Luca},
	booktitle = {IEEE Transactions on Nuclear Science},
	doi = {10.1109/TNS.2011.2120622},
	keywords = {Multithreaded Application Real-Time executor (MARTe),nuclear fusion control,real-time,tokamak},
	number = {4 PART 1},
	pages = {1482--1489},
	title = {{A survey of recent MARTe based systems}},
	volume = {58},
	year = {2011}
}


